%% This BibTeX bibliography file was created using BibDesk.
%% https://bibdesk.sourceforge.io/

%% Created for Christian Hilpert at 2023-10-13 08:21:46 -0500


%% Saved with string encoding Unicode (UTF-8)



@book{Wakker2010,
	address = {Cambridge, United Kingdom},
	author = {Wakker, Peter P},
	date-added = {2023-10-13 08:21:22 -0500},
	date-modified = {2023-10-13 08:21:22 -0500},
	publisher = {Cambridge University Press},
	title = {Prospect Theory for Risk and Ambiguity},
	year = {2010}}

@article{Thaler2016,
	author = {Thaler, Richard H.},
	date-added = {2023-10-13 08:19:45 -0500},
	date-modified = {2023-10-13 08:19:45 -0500},
	journal = {American Economic Review},
	number = {7},
	pages = {1577 -- 1600},
	title = {Behavioral Economics: Past, Present, and Future},
	url = {https://www.aeaweb.org/articles?id=10.1257/aer.106.7.1577},
	volume = {106},
	year = {2016},
	bdsk-file-1 = {YnBsaXN0MDDSAQIDBFxyZWxhdGl2ZVBhdGhZYWxpYXNEYXRhXxAvLi4vLi4vLi4vTGlicmFyeS9Kb3VybmFsQXJ0aWNsZXMvVGhhbGVyMjAxNi5wZGZPEQGIAAAAAAGIAAIAAAxNYWNpbnRvc2ggSEQAAAAAAAAAAAAAAAAAAADhKxeuQkQAAf////8OVGhhbGVyMjAxNi5wZGYAAAAAAAAAAAAAAAAAAAAAAAAAAAAAAAAAAAAAAAAAAAAAAAAAAAAAAAAAAAAAAAAA/////9SqH8gAAAAAAAAAAAADAAMAAAogY3UAAAAAAAAAAAAAAAAAD0pvdXJuYWxBcnRpY2xlcwAAAgBELzpVc2VyczpjaHJpc3RpYW5oaWxwZXJ0Oldvcms6TGlicmFyeTpKb3VybmFsQXJ0aWNsZXM6VGhhbGVyMjAxNi5wZGYADgAeAA4AVABoAGEAbABlAHIAMgAwADEANgAuAHAAZABmAA8AGgAMAE0AYQBjAGkAbgB0AG8AcwBoACAASABEABIAQlVzZXJzL2NocmlzdGlhbmhpbHBlcnQvV29yay9MaWJyYXJ5L0pvdXJuYWxBcnRpY2xlcy9UaGFsZXIyMDE2LnBkZgATAAEvAAAVAAIAF///AAAACAANABoAJABWAAAAAAAAAgEAAAAAAAAABQAAAAAAAAAAAAAAAAAAAeI=}}

@article{Barberis2013a,
	author = {Barberis, Nicholas C.},
	date-added = {2023-10-13 08:19:23 -0500},
	date-modified = {2023-10-13 08:19:23 -0500},
	journal = {Journal of Economic Perspectives},
	keywords = {Prospect theory, Behavioral economics, Behavioral finance,},
	number = {1},
	pages = {173-196},
	title = {Thirty Years of Prospect Theory in Economics: A Review and Assessment},
	url = {https://pubs.aeaweb.org/doi/10.1257/jep.27.1.173},
	volume = {27},
	year = {2013},
	bdsk-file-1 = {YnBsaXN0MDDSAQIDBFxyZWxhdGl2ZVBhdGhZYWxpYXNEYXRhXxAyLi4vLi4vLi4vTGlicmFyeS9Kb3VybmFsQXJ0aWNsZXMvQmFyYmVyaXMyMDEzYS5wZGZPEQGWAAAAAAGWAAIAAAxNYWNpbnRvc2ggSEQAAAAAAAAAAAAAAAAAAADhKxeuQkQAAf////8RQmFyYmVyaXMyMDEzYS5wZGYAAAAAAAAAAAAAAAAAAAAAAAAAAAAAAAAAAAAAAAAAAAAAAAAAAAAAAAAAAAAA/////89haQcAAAAAAAAAAAADAAMAAAogY3UAAAAAAAAAAAAAAAAAD0pvdXJuYWxBcnRpY2xlcwAAAgBHLzpVc2VyczpjaHJpc3RpYW5oaWxwZXJ0Oldvcms6TGlicmFyeTpKb3VybmFsQXJ0aWNsZXM6QmFyYmVyaXMyMDEzYS5wZGYAAA4AJAARAEIAYQByAGIAZQByAGkAcwAyADAAMQAzAGEALgBwAGQAZgAPABoADABNAGEAYwBpAG4AdABvAHMAaAAgAEgARAASAEVVc2Vycy9jaHJpc3RpYW5oaWxwZXJ0L1dvcmsvTGlicmFyeS9Kb3VybmFsQXJ0aWNsZXMvQmFyYmVyaXMyMDEzYS5wZGYAABMAAS8AABUAAgAX//8AAAAIAA0AGgAkAFkAAAAAAAACAQAAAAAAAAAFAAAAAAAAAAAAAAAAAAAB8w==}}

@article{KoeszegiRabin2006,
	author = {K{\"o}szegi, Botond and Rabin, Matthew},
	date-added = {2023-10-13 08:17:39 -0500},
	date-modified = {2023-10-13 08:17:39 -0500},
	journal = {The Quarterly Journal of Economics},
	month = {November},
	number = {4},
	pages = {1133-1165},
	title = {A Model of Reference-Dependent Preferences},
	url = {https://doi.org/10.1093/qje/121.4.1133},
	volume = {121},
	year = {2006},
	bdsk-file-1 = {YnBsaXN0MDDSAQIDBFxyZWxhdGl2ZVBhdGhZYWxpYXNEYXRhbxA2AC4ALgAvAC4ALgAvAC4ALgAvAEwAaQBiAHIAYQByAHkALwBKAG8AdQByAG4AYQBsAEEAcgB0AGkAYwBsAGUAcwAvAEsAbwMIAHMAegBlAGcAaQBSAGEAYgBpAG4AMgAwADAANgAuAHAAZABmTxEBpgAAAAABpgACAAAMTWFjaW50b3NoIEhEAAAAAAAAAAAAAAAAAAAA4SsXrkJEAAH/////FEuac3plZ2lSYWJpbjIwMDYucGRmAAAAAAAAAAAAAAAAAAAAAAAAAAAAAAAAAAAAAAAAAAAAAAAAAAAAAAAAAP/////T1wCMAAAAAAAAAAAAAwADAAAKIGN1AAAAAAAAAAAAAAAAAA9Kb3VybmFsQXJ0aWNsZXMAAAIATC86VXNlcnM6Y2hyaXN0aWFuaGlscGVydDpXb3JrOkxpYnJhcnk6Sm91cm5hbEFydGljbGVzOktvzIhzemVnaVJhYmluMjAwNi5wZGYADgAsABUASwBvAwgAcwB6AGUAZwBpAFIAYQBiAGkAbgAyADAAMAA2AC4AcABkAGYADwAaAAwATQBhAGMAaQBuAHQAbwBzAGgAIABIAEQAEgBKVXNlcnMvY2hyaXN0aWFuaGlscGVydC9Xb3JrL0xpYnJhcnkvSm91cm5hbEFydGljbGVzL0tvzIhzemVnaVJhYmluMjAwNi5wZGYAEwABLwAAFQACABf//wAAAAgADQAaACQAkwAAAAAAAAIBAAAAAAAAAAUAAAAAAAAAAAAAAAAAAAI9}}

@article{KoeszegiRabin2007,
	author = {K{\"o}szegi, Botond and Rabin, Matthew},
	date-added = {2023-10-13 08:17:39 -0500},
	date-modified = {2023-10-13 08:17:39 -0500},
	journal = {American Economic Review},
	month = {September},
	number = {4},
	pages = {1047-1073},
	title = {Reference-Dependent Risk Attitudes},
	url = {https://www.aeaweb.org/articles?id=10.1257/aer.97.4.1047},
	volume = {97},
	year = {2007},
	bdsk-file-1 = {YnBsaXN0MDDSAQIDBFxyZWxhdGl2ZVBhdGhZYWxpYXNEYXRhbxA2AC4ALgAvAC4ALgAvAC4ALgAvAEwAaQBiAHIAYQByAHkALwBKAG8AdQByAG4AYQBsAEEAcgB0AGkAYwBsAGUAcwAvAEsAbwMIAHMAegBlAGcAaQBSAGEAYgBpAG4AMgAwADAANwAuAHAAZABmTxEBpgAAAAABpgACAAAMTWFjaW50b3NoIEhEAAAAAAAAAAAAAAAAAAAA4SsXrkJEAAH/////FEuac3plZ2lSYWJpbjIwMDcucGRmAAAAAAAAAAAAAAAAAAAAAAAAAAAAAAAAAAAAAAAAAAAAAAAAAAAAAAAAAP/////dDsF5AAAAAAAAAAAAAwADAAAKIGN1AAAAAAAAAAAAAAAAAA9Kb3VybmFsQXJ0aWNsZXMAAAIATC86VXNlcnM6Y2hyaXN0aWFuaGlscGVydDpXb3JrOkxpYnJhcnk6Sm91cm5hbEFydGljbGVzOktvzIhzemVnaVJhYmluMjAwNy5wZGYADgAsABUASwBvAwgAcwB6AGUAZwBpAFIAYQBiAGkAbgAyADAAMAA3AC4AcABkAGYADwAaAAwATQBhAGMAaQBuAHQAbwBzAGgAIABIAEQAEgBKVXNlcnMvY2hyaXN0aWFuaGlscGVydC9Xb3JrL0xpYnJhcnkvSm91cm5hbEFydGljbGVzL0tvzIhzemVnaVJhYmluMjAwNy5wZGYAEwABLwAAFQACABf//wAAAAgADQAaACQAkwAAAAAAAAIBAAAAAAAAAAUAAAAAAAAAAAAAAAAAAAI9}}

@unpublished{GaudeckerEconProjectTemplates,
	author = {Hans-Martin von Gaudecker},
	note = {\url{https://doi.org/10.5281/zenodo.2533241}},
	title = {Templates for Reproducible Research Projects in Economics},
	year = {2019}}
